@book{bergsma_2004_testing,
  title={Testing conditional independence for continuous random variables},
  author={Bergsma, Wicher Pieter},
  year={2004},
  publisher={Eurandom}
}

@article{berrett_2019_conditional,
  title={The conditional permutation test for independence while controlling for confounders},
  author={Berrett, Thomas B and Wang, Yi and Barber, Rina Foygel and Samworth, Richard J},
  journal={Journal of the Royal Statistical Society: Series B (Statistical Methodology)},
  year={2019},
  publisher={Wiley Online Library}
}

@article{brathwaite_2018_causal,
  title={Causal inference in travel demand modeling (and the lack thereof)},
  author={Brathwaite, Timothy and Walker, Joan L},
  journal={Journal of choice modelling},
  volume={26},
  pages={1--18},
  year={2018},
  publisher={Elsevier}
}

@article{burkart_2017_predictive,
  title={Predictive independence testing, predictive conditional independence testing, and predictive graphical modelling},
  author={Burkart, Samuel and Kir{\'a}ly, Franz J},
  journal={arXiv preprint arXiv:1711.05869},
  year={2017}
}

@article{candes_2018_panning,
  title={Panning for gold:‘model-X’knockoffs for high dimensional controlled variable selection},
  author={Cand{\`e}s, Emmanuel and Fan, Yingying and Janson, Lucas and Lv, Jinchi},
  journal={Journal of the Royal Statistical Society: Series B (Statistical Methodology)},
  volume={80},
  number={3},
  pages={551--577},
  year={2018},
  publisher={Wiley Online Library}
}

@article{chalupka_2018_fast,
  title={Fast conditional independence test for vector variables with large sample sizes},
  author={Chalupka, Krzysztof and Perona, Pietro and Eberhardt, Frederick},
  journal={arXiv preprint arXiv:1804.02747},
  year={2018}
}

@article{inacio_2019_conditional,
  title={Conditional independence testing: a predictive perspective},
  author={In{\'a}cio, Marco Henrique de Almeida and Izbicki, Rafael and Stern, Rafael Bassi},
  journal={arXiv preprint arXiv:1908.00105},
  year={2019}
}

@inproceedings{sen_2017_model,
  title={Model-powered conditional independence test},
  author={Sen, Rajat and Suresh, Ananda Theertha and Shanmugam, Karthikeyan and Dimakis, Alexandros G and Shakkottai, Sanjay},
  booktitle={Advances in neural information processing systems},
  pages={2951--2961},
  year={2017}
}

@article{shah_2020_hardness,
  title={The hardness of conditional independence testing and the generalised covariance measure},
  author={Shah, Rajen D and Peters, Jonas and others},
  journal={Annals of Statistics},
  volume={48},
  number={3},
  pages={1514--1538},
  year={2020},
  publisher={Institute of Mathematical Statistics}
}

@article{strobl_2019_approximate,
  title={Approximate kernel-based conditional independence tests for fast non-parametric causal discovery},
  author={Strobl, Eric V and Zhang, Kun and Visweswaran, Shyam},
  journal={Journal of Causal Inference},
  volume={7},
  number={1},
  year={2019},
  publisher={De Gruyter}
}

@article{wang_2019_blessings,
  title={The blessings of multiple causes},
  author={Wang, Yixin and Blei, David M},
  journal={Journal of the American Statistical Association},
  volume={114},
  number={528},
  pages={1574--1596},
  year={2019},
  publisher={Taylor \& Francis}
}

@article{zhang_2012_kernel,
  title={Kernel-based conditional independence test and application in causal discovery},
  author={Zhang, Kun and Peters, Jonas and Janzing, Dominik and Sch{\"o}lkopf, Bernhard},
  journal={arXiv preprint arXiv:1202.3775},
  year={2012}
}
